@online{traeinfo,
    author   = {Træinformation},
    title    = {kursusmateriale om clt},
    url      = {http://www.traeinfo.dk/kursusmateriale-om-clt/},
    urldate  = {2020-05-01},
    keywords = {Træinformation},
    note = {\href{run:../papers/2022-Data-Breach-Investigations-Report-DBIR.pdf}{open in localhost}},
}
